<?xml version="1.0" encoding="UTF-8"?><collection xmlns="http://www.loc.gov/MARC21/slim"><record><leader>00500nam--2200181-u-4500</leader><controlfield tag="001">000051716</controlfield><controlfield tag="002">20161230</controlfield><controlfield tag="005">20170122214751</controlfield><controlfield tag="008">080915s1000------------r-----000-0-eng-d</controlfield><datafield ind1=" " ind2=" " tag="020"><subfield code="a">978-973-728-203-3</subfield></datafield><datafield ind1=" " ind2=" " tag="040"><subfield code="a">IFIN-HH</subfield></datafield><datafield ind1=" " ind2=" " tag="080"><subfield code="a">33</subfield></datafield><datafield ind1="1" ind2=" " tag="100"><subfield code="a">Drucker, Peter</subfield></datafield><datafield ind1="1" ind2="0" tag="245"><subfield code="a">Despre decizie si eficacitate. Ghidul complet al lucrurilor bine facute. Traducere: Dan Criste</subfield></datafield><datafield ind1=" " ind2=" " tag="260"><subfield code="a">Bucuresti</subfield><subfield code="b">Meteor Press</subfield><subfield code="c">2007</subfield></datafield><datafield ind1=" " ind2=" " tag="300"><subfield code="a">172 p</subfield></datafield><datafield ind1=" " ind2=" " tag="852"><subfield code="a">82115</subfield><subfield code="c">33</subfield></datafield><datafield ind1=" " ind2=" " tag="CAT"><subfield code="a">SYS</subfield><subfield code="c">20170122</subfield><subfield code="h">214751</subfield></datafield></record></collection>